@article{Wheeler1949,
  title={Classical Electrodynamics in Terms of Direct Interparticle Action},
  author={John Archibald Wheeler and Richard Phillips Feynman},
  journal={Reviews of Modern Physics},
  year={1949},
  volume={21},
  pages={425-433}
}

@book{landauQuantum,
    author = {Landau, L. D. and Lifshitz, E. M.},
    title = {Cours de physique théorique III~: Mécanique quantique},
    edition = {2},
    year = {1967},
    publisher = {Mir},
    address = {Moscou}
}